@misc{soler_serrano_emilio_1976,
  title = {Emilio ``{{El Indio}}'' {{Fernández A}} fondo},
  url = {https://www.youtube.com/watch?v=YkLPVthawJo},
  timestamp = {2016-02-11T09:23:39Z},
  author = {Soler Serrano, Joaquín},
  editora = {Fernández, Emilio},
  editoratype = {collaborator},
  urldate = {2016-02-10},
  date = {1976}
}


