
@inproceedings{peter_desarrollo_2008,
	location = {Madrid},
	title = {Desarrollo del cine mexicano},
	url = {http://cvc.cervantes.es/ensenanza/biblioteca_ele/aepe/pdf/congreso_43/congreso_43_64.pdf},
	eventtitle = {Acortando distancias: la diseminación del español en el mundo},
	pages = {519,529},
	booktitle = {Asociación Europea de Profesores de Español},
	publisher = {Centro Virtual Cervantes},
	author = {Peter, Standish},
	urldate = {2015-08-30},
	date = {2008}
}

@article{michel_mexican_1965,
	title = {Mexican Cinema: A Panoramic View},
	volume = {18},
	issn = {00151386, 15338630},
	url = {http://fq.ucpress.edu/cgi/doi/10.2307/1210255},
	doi = {10.2307/1210255},
	shorttitle = {Mexican Cinema},
	pages = {46--55},
	number = {4},
	journaltitle = {Film Quarterly},
	author = {Michel, Manuel and Oxenhandler, Neal},
	urldate = {2015-08-30},
	date = {1965-07},
	file = {panoramic.pdf:/home/sergio/.mozilla/firefox/wv4qv14u.default-1441516506885/zotero/storage/KHASNT8J/panoramic.pdf:application/pdf}
}

@online{_enamorada_????,
	title = {Enamorada (1946)},
	url = {http://cinemexicano.mty.itesm.mx/peliculas/enamorada.html},
	titleaddon = {Películas del cine mexicano},
	urldate = {2015-08-31},
	file = {Enamorada (1946):/home/sergio/.mozilla/firefox/wv4qv14u.default-1441516506885/zotero/storage/E2V4G886/enamorada.html:text/html}
}

@book{mora_mexican_1978,
	title = {Mexican films: a general history, 1896-1976},
	shorttitle = {Mexican films},
	publisher = {University of Alabama},
	author = {Mora, Carlos José},
	date = {1978},
	file = {historiag.pdf:/home/sergio/.mozilla/firefox/wv4qv14u.default-1441516506885/zotero/storage/PNUCA2XZ/historiag.pdf:application/pdf}
}

@article{jones_bunuel_2006,
	title = {{BUÑUEL} {AND} {MEXICO}: {THE} {CRISIS} {OF} {NATIONAL} {CINEMA}},
	volume = {58},
	issn = {07424671},
	url = {http://millenium.itesm.mx/login?URL=?url=http://search.proquest.com/docview/212700764?accountid=41938},
	abstract = {Subjectivity and Desire, along with an increasing output of essays on previously neglected classics like El and The Criminal Life of Archibaldo de la Cruz, none of this critical work addresses the complex negotiation between Buñuel's films and the highly codified Mexican system of genres ({LiIIo} relates these popular films to Hollywood's parameters), and none of it engages the issues affecting Mexican society at the time Buñuel was filming there.  Acevedo-Muñoz follows Carlos Monsivais in pointing out that Mexican working-class comedies of the period tended to avoid any notion of class conflict by centering on sentimental leads; Buñuel's two road movies, in contrast, (one takes place in the country, the other in the city) feature collective protagonists and show the adverse effects of modernization and development on that collective.},
	pages = {49--51},
	number = {4},
	journaltitle = {Journal of Film and Video},
	eprinttype = {jstor},
	eprint = {212700764},
	author = {Jones, Julie},
	date = {2006},
	keywords = {Book reviews, Conventions, Essays, Foreign investment, {MOTION} pictures}
}

@movie{fernandez_enamorada_1946,
	title = {Enamorada},
	publisher = {Panamerican Films S.A},
	author = {Fernández, Emilio},
	date = {1946-12-25},
	file = {AI73.pdf:/home/sergio/.mozilla/firefox/wv4qv14u.default-1441516506885/zotero/storage/XN2TFUFC/AI73.pdf:application/pdf}
}

@online{_cucaracha_????,
	title = {La Cucaracha (1958)},
	url = {http://cinemexicano.mty.itesm.mx/peliculas/cucaracha.html},
	titleaddon = {Películas del cine mexicano},
	urldate = {2015-08-31},
	file = {La Cucaracha (1958):/home/sergio/.mozilla/firefox/wv4qv14u.default-1441516506885/zotero/storage/HMJPJSHW/cucaracha.html:text/html}
}

@thesis{aguilar_construccion_2014,
	location = {Ann Arbor},
	title = {La construccion de la imaden de Mexico a traves de la filmografia de Emilio "El Indio" Fernandez},
	url = {http://millenium.itesm.mx/login?URL=?url=http://search.proquest.com/docview/1616730850?accountid=41938},
	abstract = {Emilio Fernández es reconocido a nivel intemacional como el creador del cine indigenista de la Epoca del Cine de Oro Mexicano. En su obra, el director construyo una imagen de México basada en una ideologia personal. En éste anâlisis se aborda cómo los elementos naturales y humanos de su filmografia, convergen bajo la configuracion de conceptos abstractos como el nacionalismo, indigenismo, ideologia politica y el sincretismo.                 Éste análisis está cimentado en la examinación de filmes, documentales y textos relacionados con el director. El estudio asocia la obra de "El Indio" con el pensamiento prehispánico y algunas filosofias de pensadores del siglo {XX}.                 De las conclusiones se obtiene que Fernández construye una imagen utopica del pais, conformada por la fusion de raices prehispánicas y criollas. El cineasta también incorpora estereotipos definitorios de las relaciones entre sexos y las clases sociales. Sin embargo, los cambios acaecidos en la sociedad mexicana precipitaron el colapso de la imagen foijada a través de sus producciones.},
	pagetotal = {165},
	institution = {Stephen F. Austin State University},
	type = {M.A.},
	eprinttype = {jstor},
	eprint = {1616730850},
	author = {Aguilar, Zaida Fabiola},
	date = {2014},
	note = {1525968},
	keywords = {0435:Cinematography, 0550:Latin American Studies, 0737:Hispanic American studies, Cinematography, Communication and the arts, Emilio Fernandez, Hispanic American studies, Identidad Mexicans, Imagen Nacional Mexicana, Latin American Studies, Social sciences}
}

@article{baugh_developing_2004,
	title = {Developing History/Historicizing Development in Mexican Nuevo Cine Manifestoes around "la Crisis"},
	volume = {34},
	issn = {03603695},
	url = {http://millenium.itesm.mx/login?URL=?url=http://search.proquest.com/docview/214055541?accountid=41938},
	abstract = {Baugh focuses on national and cultural identity formation, specifically in the independent productions of the Mexican New Cinema of the early 1960s. In an examination of the multiple conceptualizations of "independent" in the manifestoes of the group of filmmakers first claiming the Nuevo Cine in Mexico, he calls for a reconsideration of the various notions of "crisis" used to describe Mexican society and culture and the history leading up to Mexico's revolutionary 1970s "New Wave."},
	pages = {25--37},
	number = {2},
	journaltitle = {Film \& History},
	eprinttype = {jstor},
	eprint = {214055541},
	author = {Baugh, Scott L},
	date = {2004},
	keywords = {Economic crisis, History, {MEXICO}, Motion picture criticism, {MOTION} picture industry}
}

@movie{rodriguez_cucaracha_1959,
	title = {La Cucaracha},
	publisher = {Películas Rodríguez},
	author = {Rodríguez, Ismael},
	date = {1959-11-12}
}

@incollection{piedras_narrativas_2012,
	location = {Madrid},
	title = {Las narrativas sobre la Revolución en el cine de Fernando de Fuentes y Emilio Fernández},
	url = {http://edicionesimagomundi.com/wp-content/uploads/2014/02/WEB-interior-Lusnich.pdf},
	series = {Avances de Investigación},
	number = {73},
	booktitle = {Representación y revolución en el cine latinoamericano del período clásico-industrial: Argentina, Brasil, México},
	publisher = {Fundación Carolina},
	author = {Piedras, Pablo},
	editor = {Lusnich, Ana Laura},
	urldate = {2015-08-30},
	date = {2012-03}
}

@online{_vamonos_????,
	title = {Vámonos con Pancho Villa (1935)},
	url = {http://cinemexicano.mty.itesm.mx/peliculas/vamonos.html},
	titleaddon = {Películas del cine mexicano},
	urldate = {2015-10-13},
	file = {Vámonos con Pancho Villa (1935):/home/sergio/.mozilla/firefox/wv4qv14u.default-1441516506885/zotero/storage/MED9CXQF/vamonos.html:text/html}
}

@online{_flor_????,
	title = {Flor silvestre (1943)},
	url = {http://cinemexicano.mty.itesm.mx/peliculas/flor.html},
	titleaddon = {Películas del cine mexicano},
	urldate = {2015-10-13},
	file = {Flor silvestre (1943):/home/sergio/.mozilla/firefox/wv4qv14u.default-1441516506885/zotero/storage/H5DC4KEZ/flor.html:text/html}
}

@movie{fernandez_flor_1946,
	title = {Flor Silvestre},
	publisher = {Films Mundiales},
	author = {Fernández, Emilio},
	date = {1946}
}

@movie{fernandez_vamonos_1936,
	title = {Vámonos con Pancho Villa},
	publisher = {Clasa Films},
	author = {De Fuentes, Fernando},
	date = {1936}
}

@incollection{monsivais_notas_????,
	title = {Notas sobre la cultura mexicana en el siglo {XX}},
	pages = {305,},
	booktitle = {Historia general de méxico del siglo {XX}},
	author = {Monsiváis, Carlos},
	note = {bibtex: monsivais\_notas}
}
