
@book{mora_mexican_1978,
  title = {Mexican films: a general history, 1896-1976},
  shorttitle = {Mexican films},
  timestamp = {2015-08-30 22:50:44},
  publisher = {University of Alabama},
  author = {Mora, Carlos José},
  date = {1978},
  file = {historiag.pdf:/home/sergio/.mozilla/firefox/901w323j.default/zotero/storage/PNUCA2XZ/historiag.pdf:application/pdf}
}

@article{michel_mexican_1965,
  title = {Mexican Cinema: A Panoramic View},
  volume = {18},
  issn = {00151386, 15338630},
  url = {http://fq.ucpress.edu/cgi/doi/10.2307/1210255},
  doi = {10.2307/1210255},
  shorttitle = {Mexican Cinema},
  timestamp = {2015-08-30 22:50:47},
  number = {4},
  journaltitle = {Film Quarterly},
  shortjournal = {Film Q.},
  author = {Michel, Manuel and Oxenhandler, Neal},
  urldate = {2015-08-30},
  date = {1965-07},
  pages = {46--55},
  file = {panoramic.pdf:/home/sergio/.mozilla/firefox/901w323j.default/zotero/storage/KHASNT8J/panoramic.pdf:application/pdf}
}

@article{jones_bunuel_2006,
  title = {{BUÑUEL} {AND} {MEXICO}: {THE} {CRISIS} {OF} {NATIONAL} {CINEMA}},
  volume = {58},
  issn = {07424671},
  url = {http://millenium.itesm.mx/login?URL=?url=http://search.proquest.com/docview/212700764?accountid=41938},
  abstract = {Subjectivity and Desire, along with an increasing output of essays on previously neglected classics like El and The Criminal Life of Archibaldo de la Cruz, none of this critical work addresses the complex negotiation between Buñuel's films and the highly codified Mexican system of genres (LiIIo relates these popular films to Hollywood's parameters), and none of it engages the issues affecting Mexican society at the time Buñuel was filming there.  Acevedo-Muñoz follows Carlos Monsivais in pointing out that Mexican working-class comedies of the period tended to avoid any notion of class conflict by centering on sentimental leads; Buñuel's two road movies, in contrast, (one takes place in the country, the other in the city) feature collective protagonists and show the adverse effects of modernization and development on that collective.},
  timestamp = {2015-08-30 22:53:15},
  number = {4},
  journaltitle = {Journal of Film and Video},
  shortjournal = {J. Film Video},
  author = {Jones, Julie},
  date = {2006},
  pages = {49--51},
  langid = {english},
  keywords = {Book reviews,Conventions,Essays,Foreign investment,MOTION pictures}
}

@article{baugh_developing_2004,
  title = {Developing History/Historicizing Development in Mexican Nuevo Cine Manifestoes around ``la Crisis''},
  volume = {34},
  issn = {03603695},
  url = {http://millenium.itesm.mx/login?URL=?url=http://search.proquest.com/docview/214055541?accountid=41938},
  abstract = {Baugh focuses on national and cultural identity formation, specifically in the independent productions of the Mexican New Cinema of the early 1960s. In an examination of the multiple conceptualizations of "independent" in the manifestoes of the group of filmmakers first claiming the Nuevo Cine in Mexico, he calls for a reconsideration of the various notions of "crisis" used to describe Mexican society and culture and the history leading up to Mexico's revolutionary 1970s "New Wave."},
  timestamp = {2015-08-30 22:54:42},
  number = {2},
  journaltitle = {Film \& History},
  shortjournal = {Film Hist.},
  author = {Baugh, Scott L},
  date = {2004},
  pages = {25--37},
  langid = {english},
  keywords = {Economic crisis,History,MEXICO,Motion picture criticism,MOTION picture industry}
}

@inproceedings{peter_desarrollo_2008,
  location = {Madrid},
  title = {Desarrollo del cine mexicano},
  url = {http://cvc.cervantes.es/ensenanza/biblioteca_ele/aepe/pdf/congreso_43/congreso_43_64.pdf},
  eventtitle = {Acortando distancias: la diseminación del español en el mundo},
  timestamp = {2015-08-31 00:06:51},
  booktitle = {Asociación Europea de Profesores de Español},
  publisher = {Centro Virtual Cervantes},
  author = {Peter, Standish},
  urldate = {2015-08-30},
  date = {2008},
  pages = {519,529}
}

@thesis{aguilar_construccion_2014,
  location = {Ann Arbor},
  title = {La construccion de la imaden de Mexico a traves de la filmografia de Emilio ``El Indio'' Fernandez},
  url = {http://millenium.itesm.mx/login?URL=?url=http://search.proquest.com/docview/1616730850?accountid=41938},
  abstract = {Emilio Fernández es reconocido a nivel intemacional como el creador del cine indigenista de la Epoca del Cine de Oro Mexicano. En su obra, el director construyo una imagen de México basada en una ideologia personal. En éste anâlisis se aborda cómo los elementos naturales y humanos de su filmografia, convergen bajo la configuracion de conceptos abstractos como el nacionalismo, indigenismo, ideologia politica y el sincretismo.                 Éste análisis está cimentado en la examinación de filmes, documentales y textos relacionados con el director. El estudio asocia la obra de "El Indio" con el pensamiento prehispánico y algunas filosofias de pensadores del siglo XX.                 De las conclusiones se obtiene que Fernández construye una imagen utopica del pais, conformada por la fusion de raices prehispánicas y criollas. El cineasta también incorpora estereotipos definitorios de las relaciones entre sexos y las clases sociales. Sin embargo, los cambios acaecidos en la sociedad mexicana precipitaron el colapso de la imagen foijada a través de sus producciones.},
  pagetotal = {165},
  timestamp = {2015-08-31 00:08:15},
  institution = {Stephen F. Austin State University},
  type = {M.A.},
  author = {Aguilar, Zaida Fabiola},
  date = {2014},
  langid = {spanish},
  note = {1525968},
  keywords = {0435:Cinematography,0550:Latin American Studies,0737:Hispanic American studies,Cinematography,Communication and the arts,Emilio Fernandez,Hispanic American studies,Identidad Mexicans,Imagen Nacional Mexicana,Latin American Studies,Social sciences}
}

@video{fernandez_enamorada_1946,
  title = {Enamorada},
  timestamp = {2015-08-31 03:44:55},
  publisher = {Panamerican Films S.A},
  author = {Fernández, Emilio},
  date = {1946-12-25}
}

@movie{rodriguez_cucaracha_1959,
  title = {La Cucaracha},
  timestamp = {2015-08-31 03:47:02},
  publisher = {Películas Rodríguez},
  author = {Rodríguez, Ismael},
  date = {1959-11-12}
}

@online{_enamorada,
  title = {Enamorada (1946)},
  url = {http://cinemexicano.mty.itesm.mx/peliculas/enamorada.html},
  timestamp = {2015-08-31 04:46:21},
  titleaddon = {Películas del cine mexicano},
  urldate = {2015-08-31},
  file = {Enamorada (1946):/home/sergio/.mozilla/firefox/901w323j.default/zotero/storage/E2V4G886/enamorada.html:text/html}
}

@online{_cucaracha,
  title = {La Cucaracha (1958)},
  url = {http://cinemexicano.mty.itesm.mx/peliculas/cucaracha.html},
  timestamp = {2015-08-31 04:46:56},
  titleaddon = {Películas del cine mexicano},
  urldate = {2015-08-31},
  file = {La Cucaracha (1958):/home/sergio/.mozilla/firefox/901w323j.default/zotero/storage/HMJPJSHW/cucaracha.html:text/html}
}


