@Book{mishima2006,
 author = {Mishima, Yukio},
 title = {El rumor del oleaje},
 publisher = {Alianza Editorial},
 year = {2006},
 address = {Madrid},
 isbn = {9788420648415},
 note ={EPUB}
 }
