
@unpublished{weibul_game_2011,
  location = {{KTH Royal Institute of Technology in Stockholm, Division of Mathematics}},
  title = {{{GAME THEORY}} — {{MINIMAX SEARCH AND ALPHA-BETA PRUNING}}},
  url = {https://www.math.kth.se/matstat/gru/sf2972/2011/lecture14.pdf},
  timestamp = {2016-03-07T11:32:33Z},
  type = {Lecture},
  howpublished = {Lecture},
  author = {Weibul, Jörgen},
  date = {2011},
  note = {SF2972 Game Theory}
}

@unpublished{hajiaghayi_28._2011-1,
  location = {{University of Maryland}},
  title = {28. {{Game}}-tree {{Search}} and {{Pruning Algorithms}}},
  url = {http://www.cs.umd.edu/~hajiagha/474GT13/Lecture12122013.pdf},
  timestamp = {2016-03-07T11:32:55Z},
  type = {Lecture},
  howpublished = {Lecture},
  author = {Hajiaghayi, Mohammad T.},
  date = {2011},
  note = {CMSC 474, Introduction to Game Theory}
}


