
@online{bruce_cs_????,
  title = {{{CS}} 161 {{Recitation Notes}} - {{Minimax}} with {{Alpha Beta Pruning}}},
  url = {http://web.cs.ucla.edu/~rosen/161/notes/alphabeta.html},
  timestamp = {2016-03-07T16:23:00Z},
  titleaddon = {CS 161 Recitation Notes},
  author = {Bruce, Rosen},
  urldate = {2016-03-07},
  note = {University of California, Los Angeles Engeneering Computer Science Department},
  file = {CS 161 Recitation Notes - Minimax with Alpha Beta Pruning:/home/sergio/.mozilla/firefox/wv4qv14u.default-1441516506885/zotero/storage/NPNRC6PF/alphabeta.html:}
}


